<?xml version="1.0" encoding="UTF-8" ?><marc:collection xmlns:marc="http://www.loc.gov/MARC21/slim" xmlns:xsi="http://www.w3.org/2001/XMLSchema-instance" xsi:schemaLocation="http://www.loc.gov/MARC21/slim http://www.loc.gov/standards/marcxml/schema/MARC21slim.xsd">
<marc:record><marc:leader>01204cpcaa2200217Ia 4500</marc:leader>
<marc:controlfield tag="001">002119525</marc:controlfield>
<marc:controlfield tag="005">20130820145019.0</marc:controlfield><marc:controlfield tag="008">960603i19421947xxu                 eng d</marc:controlfield><marc:datafield tag="035" ind1=" " ind2=" "><marc:subfield code="a">34847874</marc:subfield></marc:datafield><marc:datafield tag="040" ind1=" " ind2=" "><marc:subfield code="a">NDK</marc:subfield><marc:subfield code="b">eng</marc:subfield><marc:subfield code="c">NDK</marc:subfield><marc:subfield code="d">OCLCQ</marc:subfield><marc:subfield code="d">OCLCG</marc:subfield><marc:subfield code="d">OCLCA</marc:subfield><marc:subfield code="d">OCLCQ</marc:subfield><marc:subfield code="d">NDD</marc:subfield></marc:datafield><marc:datafield tag="049" ind1=" " ind2=" "><marc:subfield code="a">NDDP</marc:subfield></marc:datafield><marc:datafield tag="100" ind1="1" ind2=" "><marc:subfield code="a">Busse, Ewald W.,</marc:subfield><marc:subfield code="d">1917-2004.</marc:subfield></marc:datafield><marc:datafield tag="245" ind1="1" ind2="0"><marc:subfield code="a">Ewald Busse manuscript,</marc:subfield><marc:subfield code="f">between 1942 and 1947.</marc:subfield></marc:datafield><marc:datafield tag="300" ind1=" " ind2=" "><marc:subfield code="a">1 manuscript,</marc:subfield><marc:subfield code="a">(32</marc:subfield><marc:subfield code="f">pp.)</marc:subfield></marc:datafield><marc:datafield tag="545" ind1=" " ind2=" "><marc:subfield code="a">Duke University gerontologist.</marc:subfield></marc:datafield><marc:datafield tag="520" ind1="8" ind2=" "><marc:subfield code="a">Busse's holograph translation of sections from Alois Eduard Kornmüller's &quot;Einführung in die klinische Elektrenkephalographie,&quot; whose focus is electroencephalography. Accompanied by an 11-page typescript of holograph translation. Both were received as part of Busse's gift of a copy of Kornmüller's book to the History of Medicine Collections. Acquired as part of the History of Medicine Collections at Duke University.</marc:subfield></marc:datafield><marc:datafield tag="541" ind1=" " ind2=" "><marc:subfield code="a">April 1995. Gift: Ewald W. Busse.</marc:subfield></marc:datafield><marc:datafield tag="500" ind1=" " ind2=" "><marc:subfield code="a">Forms part of the Trent Manuscripts Collection.</marc:subfield></marc:datafield><marc:datafield tag="600" ind1="1" ind2="2"><marc:subfield code="a">Kornmüller, Alois Eduard,</marc:subfield><marc:subfield code="d">1905 -</marc:subfield><marc:subfield code="t">Einführung in die klinische Elektrenkephalographie.</marc:subfield></marc:datafield><marc:datafield tag="650" ind1=" " ind2="2"><marc:subfield code="a">Electroencephalography.</marc:subfield></marc:datafield><marc:datafield tag="710" ind1="2" ind2=" "><marc:subfield code="a">History of Medicine Collections (Duke University)</marc:subfield></marc:datafield></marc:record>
</marc:collection>
